@article{he2015deep,
	title={Deep reinforcement learning with a natural language action space},
	author={He, Ji and Chen, Jianshu and He, Xiaodong and Gao, Jianfeng and Li, Lihong and Deng, Li and Ostendorf, Mari},
	journal={arXiv preprint arXiv:1511.04636},
	year={2015}
}

@article{dulac2015deep,
	title={Deep reinforcement learning in large discrete action spaces},
	author={Dulac-Arnold, Gabriel and Evans, Richard and van Hasselt, Hado and Sunehag, Peter and Lillicrap, Timothy and Hunt, Jonathan and Mann, Timothy and Weber, Theophane and Degris, Thomas and Coppin, Ben},
	journal={arXiv preprint arXiv:1512.07679},
	year={2015}
}

@article{majeed2020exact,
	title={Exact Reduction of Huge Action Spaces in General Reinforcement Learning},
	author={Majeed, Sultan Javed and Hutter, Marcus},
	journal={arXiv preprint arXiv:2012.10200},
	year={2020}
}
